%@article{yang2023diffusestylegesture,
%	title={Diffusestylegesture: Stylized audio-driven co-speech gesture generation with diffusion models},
%	author={Yang, Sicheng and Wu, Zhiyong and Li, Minglei and Zhang, Zhensong and Hao, Lei and Bao, Weihong and Cheng, Ming and Xiao, Long},
%	journal={arXiv preprint arXiv:2305.04919},
%	year={2023}
%}
%
@article{author2024,
	author = {John Doe},
	title = {Title of the Article},
	journal = {Journal of Examples},
	year = {2024},
	volume = {42},
	number = {3},
	pages = {123-456},
}